@inproceedings{-,
  added-at = {-},
  author = {-},
  biburl = {-},
  booktitle = {-},
  ee = {-},
  interhash = {-},
  intrahash = {-},
  keywords = {-},
  pages = {-},
  publisher = {-},
  timestamp = {-},
  title = {-},
  url = {\url{-}},
  year = 2013
}

@mastersthesis{-,
    type     = {-},
    author    = {-},
    title     = {-},
    keywords  = {-},
    school    = {-},
    month     = {-},
    url       = {-},
    year      = {-},
}


@Misc{-,
  author = "{-}",
  title = "{-}",
  series = "{-}",
  number = {-},
  howpublished = "{-}",
  publisher = "{-}",
  organization = "{-}",
  year = -,
  url = {-}
}
 
@article{-,
 author = {-},
 title = {-},
 journal = {-},
 issue_date = {-},
 volume = {-},
 number = {-},
 month = -,
 year = {-},
 issn = {-},
 pages = {-},
 numpages = {-},
 url = {-},
 doi = {-},
 acmid = {-},
 publisher = {-},
 address = {-},
 keywords = {-},
}